<collection xmlns="http://www.loc.gov/MARC21/slim">
<record>
  <leader>01680nam0a22002891i 450 </leader>
  <controlfield tag="001">IT\ICCU\CNCE\024484</controlfield>
  <controlfield tag="005">20050127000000.0</controlfield>
  <datafield tag="012" ind1=" " ind2=" ">
    <subfield code="a">neoi 8.38 *.i, gase (3) 1586 (A)</subfield>
    <subfield code="2">fei</subfield>
  </datafield>
  <datafield tag="100" ind1=" " ind2=" ">
    <subfield code="a">19970908d1586        0itac0103    ba</subfield>
  </datafield>
  <datafield tag="101" ind1=" " ind2=" ">
    <subfield code="a">LAT</subfield>
  </datafield>
  <datafield tag="102" ind1=" " ind2=" ">
    <subfield code="a">IT</subfield>
  </datafield>
  <datafield tag="200" ind1="1" ind2=" ">
    <subfield code="a">Ordini et riforma stabiliti l&apos;anno MDLXXXV nel Consiglio generale, &amp; capi di casa della Terra di Valenza, sopra il buon gouerno, publica quiete, et conseruatione d&apos;essa. Con la narratione del modo tenuto nel loro stabilimento. Et insieme li statuti antichi di detta terra, mai pi ̮fin&apos; hora stampati. Aggiuntoui gl&apos;ordini fatti sopra la pesa delli grani, et farine. Et li capitoli de</subfield>
  </datafield>
  <datafield tag="210" ind1=" " ind2=" ">
    <subfield code="a">In Milano</subfield>
    <subfield code="c">appresso Gio. Battista Colonio</subfield>
    <subfield code="d">1586</subfield>
  </datafield>
  <datafield tag="215" ind1=" " ind2=" ">
    <subfield code="a">\16!, 68, \34!, 204, 8, \2!, 43 p.</subfield>
    <subfield code="d">fol</subfield>
  </datafield>
  <datafield tag="620" ind1=" " ind2=" ">
    <subfield code="a">IT</subfield>
    <subfield code="d">Milano</subfield>
  </datafield>
  <datafield tag="710" ind1="0" ind2="2">
    <subfield code="a">Valenza</subfield>
    <subfield code="3">7156</subfield>
  </datafield>
  <datafield tag="712" ind1="0" ind2="0">
    <subfield code="a">Cologno, Giovanni Battista</subfield>
    <subfield code="3">IT\ICCU\CNCT\000414</subfield>
    <subfield code="4">650</subfield>
  </datafield>
  <datafield tag="791" ind1="0" ind2="0">
    <subfield code="a">Colonio, Gio Battista</subfield>
    <subfield code="3">IT\ICCU\CNCT\004635</subfield>
    <subfield code="z">Cologno, Giovanni Battista</subfield>
  </datafield>
  <datafield tag="791" ind1="0" ind2="0">
    <subfield code="a">Colonius, Ioannes Baptista</subfield>
    <subfield code="3">IT\ICCU\CNCT\004636</subfield>
    <subfield code="z">Cologno, Giovanni Battista</subfield>
  </datafield>
  <datafield tag="791" ind1="0" ind2="0">
    <subfield code="a">Colonio, Juan Baptista</subfield>
    <subfield code="3">IT\ICCU\CNCT\004637</subfield>
    <subfield code="z">Cologno, Giovanni Battista</subfield>
  </datafield>
  <datafield tag="801" ind1=" " ind2="3">
    <subfield code="a">IT</subfield>
    <subfield code="b">ICCU</subfield>
    <subfield code="c">20201114</subfield>
  </datafield>
  <datafield tag="899" ind1=" " ind2=" ">
    <subfield code="a">Biblioteca del Convento francescano. Dongo</subfield>
    <subfield code="1">CO0075</subfield>
    <subfield code="2">ZCO 04</subfield>
  </datafield>
  <datafield tag="899" ind1=" " ind2=" ">
    <subfield code="a">Biblioteca statale. Cremona</subfield>
    <subfield code="1">CR0062</subfield>
    <subfield code="2">LO1 28</subfield>
  </datafield>
  <datafield tag="899" ind1=" " ind2=" ">
    <subfield code="a">Biblioteca Ambrosiana. Milano</subfield>
    <subfield code="1">MI0133</subfield>
    <subfield code="2">VBA 01</subfield>
  </datafield>
  <datafield tag="899" ind1=" " ind2=" ">
    <subfield code="a">Biblioteca del Senato della Repubblica Giovanni Spadolini. Roma</subfield>
    <subfield code="z">MUTILO</subfield>
    <subfield code="1">RM0427</subfield>
    <subfield code="2">ZRM 12</subfield>
  </datafield>
  <datafield tag="899" ind1=" " ind2=" ">
    <subfield code="a">Biblioteca civica centrale. Torino</subfield>
    <subfield code="1">TO0240</subfield>
    <subfield code="2">BCT 01</subfield>
  </datafield>
  <datafield tag="899" ind1=" " ind2=" ">
    <subfield code="a">Biblioteca Reale. Torino</subfield>
    <subfield code="1">TO0263</subfield>
    <subfield code="2">TO0 07</subfield>
  </datafield>
</record>
</collection>
